<record xmlns:xsi="http://www.w3.org/2001/XMLSchema-instance" xmlns="http://www.loc.gov/MARC21/slim" xsi:schemaLocation="http://www.loc.gov/MARC21/slim http://www.loc.gov/standards/marcxml/schema/MARC21slim.xsd">

  <leader>00395nam a2200145Ia 4500</leader>
  <controlfield tag="008">150731b1991    sp ||||| |||| 00| | spa d</controlfield>
  <datafield ind2=" " ind1=" " tag="020">
    <subfield code="a">8420681393</subfield>
  </datafield>
  <datafield ind2=" " ind1=" " tag="090">
    <subfield code="a">05.01.01 </subfield>
    <subfield code="b">2021</subfield>
  </datafield>
  <datafield ind2=" " ind1="1" tag="100">
    <subfield code="a">Giddens, Anthony</subfield>
    <subfield code="9">645</subfield>
  </datafield>
  <datafield ind2="0" ind1="1" tag="245">
    <subfield code="a">Sociología / </subfield>
    <subfield code="c">Anthony Giddens</subfield>
  </datafield>
  <datafield ind2=" " ind1=" " tag="260">
    <subfield code="a">Madrid : </subfield>
    <subfield code="b">Alianza Universidad Textos, </subfield>
    <subfield code="c">1991</subfield>
  </datafield>
  <datafield ind1=" " ind2=" " tag="300">
    <subfield code="a">846 páginas</subfield>
  </datafield>
  <datafield ind2="0" ind1=" " tag="650">
    <subfield code="a">SOCIOLOGÍA</subfield>
    <subfield code="9">335</subfield>
  </datafield>
  <datafield ind1=" " ind2=" " tag="942">
    <subfield code="2">z</subfield>
    <subfield code="c">01</subfield>
  </datafield>
  <datafield ind2=" " ind1=" " tag="999">
    <subfield code="c">157</subfield>
    <subfield code="d">157</subfield>
  </datafield>
</record>